<record><leader>00000cas a22000007a 4500</leader><controlfield tag="001">32064215</controlfield><controlfield tag="008">950228d19051920okuwr ne      0    0eng d</controlfield><datafield ind1=" " ind2=" " tag="010"><subfield code="a">sn 95068917 </subfield></datafield><datafield ind1=" " ind2=" " tag="040"><subfield code="a">NVJ</subfield><subfield code="b">eng</subfield><subfield code="c">NVJ</subfield><subfield code="d">DLC</subfield><subfield code="d">OBN</subfield><subfield code="d">OCLCQ</subfield><subfield code="d">OCLCF</subfield><subfield code="d">OCLCO</subfield></datafield><datafield ind1="1" ind2=" " tag="029"><subfield code="a">AU@</subfield><subfield code="b">000012678723</subfield></datafield><datafield ind1=" " ind2=" " tag="042"><subfield code="a">msc</subfield></datafield><datafield ind1=" " ind2=" " tag="043"><subfield code="a">n-us-ok</subfield></datafield><datafield ind1="0" ind2="0" tag="245"><subfield code="a">Fort Towson enterprise.</subfield></datafield><datafield ind1="1" ind2="3" tag="246"><subfield code="a">Ft. Towson enterprise</subfield></datafield><datafield ind1=" " ind2=" " tag="260"><subfield code="a">Fort Towson, Indian Territory [Okla.] :</subfield><subfield code="b">C.C. Lewter</subfield></datafield><datafield ind1=" " ind2=" " tag="300"><subfield code="a">v.</subfield></datafield><datafield ind1=" " ind2=" " tag="310"><subfield code="a">Weekly</subfield></datafield><datafield ind1="1" ind2=" " tag="362"><subfield code="a">Began May 9, 1905.</subfield></datafield><datafield ind1=" " ind2=" " tag="525"><subfield code="a">Supplements accompany some issues.</subfield></datafield><datafield ind1=" " ind2=" " tag="588"><subfield code="a">Description based on: Vol. 1, no. 14 (Aug. 11, 1905).</subfield></datafield><datafield ind1=" " ind2="0" tag="651"><subfield code="a">Fort Towson (Okla.)</subfield><subfield code="v">Newspapers.</subfield></datafield><datafield ind1=" " ind2="0" tag="651"><subfield code="a">Choctaw County (Okla.)</subfield><subfield code="v">Newspapers.</subfield></datafield><datafield ind1=" " ind2="7" tag="655"><subfield code="a">Newspapers.</subfield><subfield code="2">fast</subfield><subfield code="0">(OCoLC)fst01423814</subfield></datafield><datafield ind1=" " ind2="7" tag="651"><subfield code="a">Oklahoma</subfield><subfield code="z">Choctaw County.</subfield><subfield code="2">fast</subfield><subfield code="0">(OCoLC)fst01209208</subfield></datafield><datafield ind1=" " ind2="7" tag="651"><subfield code="a">Oklahoma</subfield><subfield code="z">Fort Towson.</subfield><subfield code="2">fast</subfield><subfield code="0">(OCoLC)fst01281294</subfield></datafield><datafield ind1=" " ind2=" " tag="752"><subfield code="a">United States</subfield><subfield code="b">Oklahoma</subfield><subfield code="d">Fort Towson.</subfield></datafield><datafield ind1="0" ind2="0" tag="785"><subfield code="t">Choctaw County democrat (Hugo, Okla.)</subfield><subfield code="w">(DLC)sn 96087982</subfield><subfield code="w">(OCoLC)35162525</subfield></datafield></record>